%YAML 1.1
%TAG !u! tag:unity3d.com,2011:
--- !u!1 &102540
GameObject:
  m_ObjectHideFlags: 1
  m_PrefabParentObject: {fileID: 0}
  m_PrefabInternal: {fileID: 100100000}
  serializedVersion: 4
  m_Component:
  - 4: {fileID: 464328}
  m_Layer: 0
  m_Name: Bip01 R Foot
  m_TagString: Untagged
  m_Icon: {fileID: 0}
  m_NavMeshLayer: 0
  m_StaticEditorFlags: 0
  m_IsActive: 1
--- !u!1 &104354
GameObject:
  m_ObjectHideFlags: 1
  m_PrefabParentObject: {fileID: 0}
  m_PrefabInternal: {fileID: 100100000}
  serializedVersion: 4
  m_Component:
  - 4: {fileID: 459538}
  m_Layer: 0
  m_Name: Bip01 L Calf
  m_TagString: Untagged
  m_Icon: {fileID: 0}
  m_NavMeshLayer: 0
  m_StaticEditorFlags: 0
  m_IsActive: 1
--- !u!1 &105378
GameObject:
  m_ObjectHideFlags: 1
  m_PrefabParentObject: {fileID: 0}
  m_PrefabInternal: {fileID: 100100000}
  serializedVersion: 4
  m_Component:
  - 4: {fileID: 438180}
  m_Layer: 0
  m_Name: Bip01 L Thigh
  m_TagString: Untagged
  m_Icon: {fileID: 0}
  m_NavMeshLayer: 0
  m_StaticEditorFlags: 0
  m_IsActive: 1
--- !u!1 &106168
GameObject:
  m_ObjectHideFlags: 1
  m_PrefabParentObject: {fileID: 0}
  m_PrefabInternal: {fileID: 100100000}
  serializedVersion: 4
  m_Component:
  - 4: {fileID: 420314}
  m_Layer: 0
  m_Name: Bip01 L Forearm
  m_TagString: Untagged
  m_Icon: {fileID: 0}
  m_NavMeshLayer: 0
  m_StaticEditorFlags: 0
  m_IsActive: 1
--- !u!1 &108186
GameObject:
  m_ObjectHideFlags: 1
  m_PrefabParentObject: {fileID: 0}
  m_PrefabInternal: {fileID: 100100000}
  serializedVersion: 4
  m_Component:
  - 4: {fileID: 495948}
  m_Layer: 0
  m_Name: Bip01
  m_TagString: Untagged
  m_Icon: {fileID: 0}
  m_NavMeshLayer: 0
  m_StaticEditorFlags: 0
  m_IsActive: 1
--- !u!1 &110550
GameObject:
  m_ObjectHideFlags: 1
  m_PrefabParentObject: {fileID: 0}
  m_PrefabInternal: {fileID: 100100000}
  serializedVersion: 4
  m_Component:
  - 4: {fileID: 475612}
  m_Layer: 0
  m_Name: Bip01 R UpperArm
  m_TagString: Untagged
  m_Icon: {fileID: 0}
  m_NavMeshLayer: 0
  m_StaticEditorFlags: 0
  m_IsActive: 1
--- !u!1 &111660
GameObject:
  m_ObjectHideFlags: 1
  m_PrefabParentObject: {fileID: 0}
  m_PrefabInternal: {fileID: 100100000}
  serializedVersion: 4
  m_Component:
  - 4: {fileID: 411478}
  m_Layer: 0
  m_Name: Bip01 L Foot
  m_TagString: Untagged
  m_Icon: {fileID: 0}
  m_NavMeshLayer: 0
  m_StaticEditorFlags: 0
  m_IsActive: 1
--- !u!1 &120558
GameObject:
  m_ObjectHideFlags: 1
  m_PrefabParentObject: {fileID: 0}
  m_PrefabInternal: {fileID: 100100000}
  serializedVersion: 4
  m_Component:
  - 4: {fileID: 476072}
  m_Layer: 0
  m_Name: Bip01 Pelvis
  m_TagString: Untagged
  m_Icon: {fileID: 0}
  m_NavMeshLayer: 0
  m_StaticEditorFlags: 0
  m_IsActive: 1
--- !u!1 &122886
GameObject:
  m_ObjectHideFlags: 1
  m_PrefabParentObject: {fileID: 0}
  m_PrefabInternal: {fileID: 100100000}
  serializedVersion: 4
  m_Component:
  - 4: {fileID: 463940}
  m_Layer: 0
  m_Name: Bip01 Head
  m_TagString: Untagged
  m_Icon: {fileID: 0}
  m_NavMeshLayer: 0
  m_StaticEditorFlags: 0
  m_IsActive: 1
--- !u!1 &123982
GameObject:
  m_ObjectHideFlags: 1
  m_PrefabParentObject: {fileID: 0}
  m_PrefabInternal: {fileID: 100100000}
  serializedVersion: 4
  m_Component:
  - 4: {fileID: 450688}
  m_Layer: 0
  m_Name: Bip01 Spine1
  m_TagString: Untagged
  m_Icon: {fileID: 0}
  m_NavMeshLayer: 0
  m_StaticEditorFlags: 0
  m_IsActive: 1
--- !u!1 &124132
GameObject:
  m_ObjectHideFlags: 1
  m_PrefabParentObject: {fileID: 0}
  m_PrefabInternal: {fileID: 100100000}
  serializedVersion: 4
  m_Component:
  - 4: {fileID: 414088}
  m_Layer: 0
  m_Name: Bip01 L UpperArm
  m_TagString: Untagged
  m_Icon: {fileID: 0}
  m_NavMeshLayer: 0
  m_StaticEditorFlags: 0
  m_IsActive: 1
--- !u!1 &125268
GameObject:
  m_ObjectHideFlags: 1
  m_PrefabParentObject: {fileID: 0}
  m_PrefabInternal: {fileID: 100100000}
  serializedVersion: 4
  m_Component:
  - 4: {fileID: 437254}
  m_Layer: 0
  m_Name: Bip01 R Toe0
  m_TagString: Untagged
  m_Icon: {fileID: 0}
  m_NavMeshLayer: 0
  m_StaticEditorFlags: 0
  m_IsActive: 1
--- !u!1 &127624
GameObject:
  m_ObjectHideFlags: 1
  m_PrefabParentObject: {fileID: 0}
  m_PrefabInternal: {fileID: 100100000}
  serializedVersion: 4
  m_Component:
  - 4: {fileID: 419602}
  - 33: {fileID: 3338840}
  - 23: {fileID: 2324956}
  m_Layer: 0
  m_Name: hip_r
  m_TagString: Untagged
  m_Icon: {fileID: 0}
  m_NavMeshLayer: 0
  m_StaticEditorFlags: 0
  m_IsActive: 1
--- !u!1 &131134
GameObject:
  m_ObjectHideFlags: 1
  m_PrefabParentObject: {fileID: 0}
  m_PrefabInternal: {fileID: 100100000}
  serializedVersion: 4
  m_Component:
  - 4: {fileID: 403270}
  m_Layer: 0
  m_Name: Bip01 L Toe0
  m_TagString: Untagged
  m_Icon: {fileID: 0}
  m_NavMeshLayer: 0
  m_StaticEditorFlags: 0
  m_IsActive: 1
--- !u!1 &136898
GameObject:
  m_ObjectHideFlags: 1
  m_PrefabParentObject: {fileID: 0}
  m_PrefabInternal: {fileID: 100100000}
  serializedVersion: 4
  m_Component:
  - 4: {fileID: 485628}
  m_Layer: 0
  m_Name: Bip01 R Toe0Nub
  m_TagString: Untagged
  m_Icon: {fileID: 0}
  m_NavMeshLayer: 0
  m_StaticEditorFlags: 0
  m_IsActive: 1
--- !u!1 &138260
GameObject:
  m_ObjectHideFlags: 1
  m_PrefabParentObject: {fileID: 0}
  m_PrefabInternal: {fileID: 100100000}
  serializedVersion: 4
  m_Component:
  - 4: {fileID: 435926}
  m_Layer: 0
  m_Name: Bip01 L Finger0
  m_TagString: Untagged
  m_Icon: {fileID: 0}
  m_NavMeshLayer: 0
  m_StaticEditorFlags: 0
  m_IsActive: 1
--- !u!1 &139524
GameObject:
  m_ObjectHideFlags: 1
  m_PrefabParentObject: {fileID: 0}
  m_PrefabInternal: {fileID: 100100000}
  serializedVersion: 4
  m_Component:
  - 4: {fileID: 452060}
  m_Layer: 0
  m_Name: Bip01 Neck
  m_TagString: Untagged
  m_Icon: {fileID: 0}
  m_NavMeshLayer: 0
  m_StaticEditorFlags: 0
  m_IsActive: 1
--- !u!1 &142610
GameObject:
  m_ObjectHideFlags: 1
  m_PrefabParentObject: {fileID: 0}
  m_PrefabInternal: {fileID: 100100000}
  serializedVersion: 4
  m_Component:
  - 4: {fileID: 490572}
  - 33: {fileID: 3353870}
  - 23: {fileID: 2352592}
  m_Layer: 0
  m_Name: arm_l
  m_TagString: Untagged
  m_Icon: {fileID: 0}
  m_NavMeshLayer: 0
  m_StaticEditorFlags: 0
  m_IsActive: 1
--- !u!1 &143950
GameObject:
  m_ObjectHideFlags: 1
  m_PrefabParentObject: {fileID: 0}
  m_PrefabInternal: {fileID: 100100000}
  serializedVersion: 4
  m_Component:
  - 4: {fileID: 474174}
  - 137: {fileID: 13739606}
  m_Layer: 0
  m_Name: girl
  m_TagString: Untagged
  m_Icon: {fileID: 0}
  m_NavMeshLayer: 0
  m_StaticEditorFlags: 0
  m_IsActive: 1
--- !u!1 &146706
GameObject:
  m_ObjectHideFlags: 0
  m_PrefabParentObject: {fileID: 0}
  m_PrefabInternal: {fileID: 100100000}
  serializedVersion: 4
  m_Component:
  - 4: {fileID: 448692}
  - 114: {fileID: 11464930}
  m_Layer: 0
  m_Name: Hero
  m_TagString: Untagged
  m_Icon: {fileID: 0}
  m_NavMeshLayer: 0
  m_StaticEditorFlags: 0
  m_IsActive: 1
--- !u!1 &147388
GameObject:
  m_ObjectHideFlags: 1
  m_PrefabParentObject: {fileID: 0}
  m_PrefabInternal: {fileID: 100100000}
  serializedVersion: 4
  m_Component:
  - 4: {fileID: 453652}
  m_Layer: 0
  m_Name: Bip01 L Clavicle
  m_TagString: Untagged
  m_Icon: {fileID: 0}
  m_NavMeshLayer: 0
  m_StaticEditorFlags: 0
  m_IsActive: 1
--- !u!1 &149504
GameObject:
  m_ObjectHideFlags: 1
  m_PrefabParentObject: {fileID: 0}
  m_PrefabInternal: {fileID: 100100000}
  serializedVersion: 4
  m_Component:
  - 4: {fileID: 499528}
  m_Layer: 0
  m_Name: Bip01 Spine2
  m_TagString: Untagged
  m_Icon: {fileID: 0}
  m_NavMeshLayer: 0
  m_StaticEditorFlags: 0
  m_IsActive: 1
--- !u!1 &150162
GameObject:
  m_ObjectHideFlags: 1
  m_PrefabParentObject: {fileID: 0}
  m_PrefabInternal: {fileID: 100100000}
  serializedVersion: 4
  m_Component:
  - 4: {fileID: 405900}
  m_Layer: 0
  m_Name: Bip01 R Finger0Nub
  m_TagString: Untagged
  m_Icon: {fileID: 0}
  m_NavMeshLayer: 0
  m_StaticEditorFlags: 0
  m_IsActive: 1
--- !u!1 &155552
GameObject:
  m_ObjectHideFlags: 1
  m_PrefabParentObject: {fileID: 0}
  m_PrefabInternal: {fileID: 100100000}
  serializedVersion: 4
  m_Component:
  - 4: {fileID: 425092}
  m_Layer: 0
  m_Name: Bip01 L Hand
  m_TagString: Untagged
  m_Icon: {fileID: 0}
  m_NavMeshLayer: 0
  m_StaticEditorFlags: 0
  m_IsActive: 1
--- !u!1 &156834
GameObject:
  m_ObjectHideFlags: 1
  m_PrefabParentObject: {fileID: 0}
  m_PrefabInternal: {fileID: 100100000}
  serializedVersion: 4
  m_Component:
  - 4: {fileID: 478686}
  m_Layer: 0
  m_Name: Bip01 Spine
  m_TagString: Untagged
  m_Icon: {fileID: 0}
  m_NavMeshLayer: 0
  m_StaticEditorFlags: 0
  m_IsActive: 1
--- !u!1 &162792
GameObject:
  m_ObjectHideFlags: 1
  m_PrefabParentObject: {fileID: 0}
  m_PrefabInternal: {fileID: 100100000}
  serializedVersion: 4
  m_Component:
  - 4: {fileID: 465300}
  m_Layer: 0
  m_Name: Bip01 Spine3
  m_TagString: Untagged
  m_Icon: {fileID: 0}
  m_NavMeshLayer: 0
  m_StaticEditorFlags: 0
  m_IsActive: 1
--- !u!1 &166848
GameObject:
  m_ObjectHideFlags: 1
  m_PrefabParentObject: {fileID: 0}
  m_PrefabInternal: {fileID: 100100000}
  serializedVersion: 4
  m_Component:
  - 4: {fileID: 438168}
  - 33: {fileID: 3352848}
  - 23: {fileID: 2329680}
  m_Layer: 0
  m_Name: shoulder_l
  m_TagString: Untagged
  m_Icon: {fileID: 0}
  m_NavMeshLayer: 0
  m_StaticEditorFlags: 0
  m_IsActive: 1
--- !u!1 &168738
GameObject:
  m_ObjectHideFlags: 1
  m_PrefabParentObject: {fileID: 0}
  m_PrefabInternal: {fileID: 100100000}
  serializedVersion: 4
  m_Component:
  - 4: {fileID: 411242}
  m_Layer: 0
  m_Name: Bip01 R Forearm
  m_TagString: Untagged
  m_Icon: {fileID: 0}
  m_NavMeshLayer: 0
  m_StaticEditorFlags: 0
  m_IsActive: 1
--- !u!1 &169706
GameObject:
  m_ObjectHideFlags: 1
  m_PrefabParentObject: {fileID: 0}
  m_PrefabInternal: {fileID: 100100000}
  serializedVersion: 4
  m_Component:
  - 4: {fileID: 459748}
  m_Layer: 0
  m_Name: Bip01 R Calf
  m_TagString: Untagged
  m_Icon: {fileID: 0}
  m_NavMeshLayer: 0
  m_StaticEditorFlags: 0
  m_IsActive: 1
--- !u!1 &169852
GameObject:
  m_ObjectHideFlags: 1
  m_PrefabParentObject: {fileID: 0}
  m_PrefabInternal: {fileID: 100100000}
  serializedVersion: 4
  m_Component:
  - 4: {fileID: 452530}
  - 33: {fileID: 3312202}
  - 23: {fileID: 2343658}
  m_Layer: 0
  m_Name: shoulder_r
  m_TagString: Untagged
  m_Icon: {fileID: 0}
  m_NavMeshLayer: 0
  m_StaticEditorFlags: 0
  m_IsActive: 1
--- !u!1 &172440
GameObject:
  m_ObjectHideFlags: 1
  m_PrefabParentObject: {fileID: 0}
  m_PrefabInternal: {fileID: 100100000}
  serializedVersion: 4
  m_Component:
  - 4: {fileID: 446028}
  m_Layer: 0
  m_Name: Bip01 R Finger0
  m_TagString: Untagged
  m_Icon: {fileID: 0}
  m_NavMeshLayer: 0
  m_StaticEditorFlags: 0
  m_IsActive: 1
--- !u!1 &173678
GameObject:
  m_ObjectHideFlags: 1
  m_PrefabParentObject: {fileID: 0}
  m_PrefabInternal: {fileID: 100100000}
  serializedVersion: 4
  m_Component:
  - 4: {fileID: 497874}
  m_Layer: 0
  m_Name: Bip01 HeadNub
  m_TagString: Untagged
  m_Icon: {fileID: 0}
  m_NavMeshLayer: 0
  m_StaticEditorFlags: 0
  m_IsActive: 1
--- !u!1 &179642
GameObject:
  m_ObjectHideFlags: 1
  m_PrefabParentObject: {fileID: 0}
  m_PrefabInternal: {fileID: 100100000}
  serializedVersion: 4
  m_Component:
  - 4: {fileID: 442606}
  - 33: {fileID: 3397770}
  - 23: {fileID: 2388488}
  m_Layer: 0
  m_Name: arm_r
  m_TagString: Untagged
  m_Icon: {fileID: 0}
  m_NavMeshLayer: 0
  m_StaticEditorFlags: 0
  m_IsActive: 1
--- !u!1 &185142
GameObject:
  m_ObjectHideFlags: 1
  m_PrefabParentObject: {fileID: 0}
  m_PrefabInternal: {fileID: 100100000}
  serializedVersion: 4
  m_Component:
  - 4: {fileID: 400680}
  m_Layer: 0
  m_Name: Bip01 L Finger0Nub
  m_TagString: Untagged
  m_Icon: {fileID: 0}
  m_NavMeshLayer: 0
  m_StaticEditorFlags: 0
  m_IsActive: 1
--- !u!1 &185180
GameObject:
  m_ObjectHideFlags: 1
  m_PrefabParentObject: {fileID: 0}
  m_PrefabInternal: {fileID: 100100000}
  serializedVersion: 4
  m_Component:
  - 4: {fileID: 456210}
  - 33: {fileID: 3328338}
  - 23: {fileID: 2391028}
  m_Layer: 0
  m_Name: Girl_head
  m_TagString: Untagged
  m_Icon: {fileID: 0}
  m_NavMeshLayer: 0
  m_StaticEditorFlags: 0
  m_IsActive: 1
--- !u!1 &190114
GameObject:
  m_ObjectHideFlags: 1
  m_PrefabParentObject: {fileID: 0}
  m_PrefabInternal: {fileID: 100100000}
  serializedVersion: 4
  m_Component:
  - 4: {fileID: 497568}
  m_Layer: 0
  m_Name: Bip01 R Thigh
  m_TagString: Untagged
  m_Icon: {fileID: 0}
  m_NavMeshLayer: 0
  m_StaticEditorFlags: 0
  m_IsActive: 1
--- !u!1 &191258
GameObject:
  m_ObjectHideFlags: 1
  m_PrefabParentObject: {fileID: 0}
  m_PrefabInternal: {fileID: 100100000}
  serializedVersion: 4
  m_Component:
  - 4: {fileID: 493532}
  m_Layer: 0
  m_Name: Bip01 L Toe0Nub
  m_TagString: Untagged
  m_Icon: {fileID: 0}
  m_NavMeshLayer: 0
  m_StaticEditorFlags: 0
  m_IsActive: 1
--- !u!1 &193686
GameObject:
  m_ObjectHideFlags: 1
  m_PrefabParentObject: {fileID: 0}
  m_PrefabInternal: {fileID: 100100000}
  serializedVersion: 4
  m_Component:
  - 4: {fileID: 413572}
  m_Layer: 0
  m_Name: Bip01 R Hand
  m_TagString: Untagged
  m_Icon: {fileID: 0}
  m_NavMeshLayer: 0
  m_StaticEditorFlags: 0
  m_IsActive: 1
--- !u!1 &194468
GameObject:
  m_ObjectHideFlags: 1
  m_PrefabParentObject: {fileID: 0}
  m_PrefabInternal: {fileID: 100100000}
  serializedVersion: 4
  m_Component:
  - 4: {fileID: 463492}
  m_Layer: 0
  m_Name: Bip01 R Clavicle
  m_TagString: Untagged
  m_Icon: {fileID: 0}
  m_NavMeshLayer: 0
  m_StaticEditorFlags: 0
  m_IsActive: 1
--- !u!1 &194994
GameObject:
  m_ObjectHideFlags: 0
  m_PrefabParentObject: {fileID: 0}
  m_PrefabInternal: {fileID: 100100000}
  serializedVersion: 4
  m_Component:
  - 4: {fileID: 428846}
  - 95: {fileID: 9560978}
  m_Layer: 0
  m_Name: girl
  m_TagString: Untagged
  m_Icon: {fileID: 0}
  m_NavMeshLayer: 0
  m_StaticEditorFlags: 0
  m_IsActive: 1
--- !u!1 &197142
GameObject:
  m_ObjectHideFlags: 0
  m_PrefabParentObject: {fileID: 0}
  m_PrefabInternal: {fileID: 100100000}
  serializedVersion: 4
  m_Component:
  - 4: {fileID: 403584}
  - 33: {fileID: 3365396}
  - 23: {fileID: 2388234}
  m_Layer: 0
  m_Name: shield
  m_TagString: Untagged
  m_Icon: {fileID: 0}
  m_NavMeshLayer: 0
  m_StaticEditorFlags: 0
  m_IsActive: 1
--- !u!1 &198848
GameObject:
  m_ObjectHideFlags: 1
  m_PrefabParentObject: {fileID: 0}
  m_PrefabInternal: {fileID: 100100000}
  serializedVersion: 4
  m_Component:
  - 4: {fileID: 463312}
  - 33: {fileID: 3370688}
  - 23: {fileID: 2371556}
  m_Layer: 0
  m_Name: hip_r01
  m_TagString: Untagged
  m_Icon: {fileID: 0}
  m_NavMeshLayer: 0
  m_StaticEditorFlags: 0
  m_IsActive: 1
--- !u!4 &400680
Transform:
  m_ObjectHideFlags: 1
  m_PrefabParentObject: {fileID: 0}
  m_PrefabInternal: {fileID: 100100000}
  m_GameObject: {fileID: 185142}
  m_LocalRotation: {x: 2.71050543e-20, y: 2.91038305e-11, z: -9.31322575e-10, w: 1}
  m_LocalPosition: {x: -.01086157, y: 0, z: 0}
  m_LocalScale: {x: 1, y: 1.00000012, z: 1}
  m_Children: []
  m_Father: {fileID: 435926}
  m_RootOrder: 0
--- !u!4 &403270
Transform:
  m_ObjectHideFlags: 1
  m_PrefabParentObject: {fileID: 0}
  m_PrefabInternal: {fileID: 100100000}
  m_GameObject: {fileID: 131134}
  m_LocalRotation: {x: -1.54543098e-08, y: 1.54543098e-08, z: -.707106829, w: .707106829}
  m_LocalPosition: {x: -.0377145223, y: .0597068034, z: 0}
  m_LocalScale: {x: .99999994, y: 1, z: .99999994}
  m_Children:
  - {fileID: 493532}
  m_Father: {fileID: 411478}
  m_RootOrder: 0
--- !u!4 &403584
Transform:
  m_ObjectHideFlags: 1
  m_PrefabParentObject: {fileID: 0}
  m_PrefabInternal: {fileID: 100100000}
  m_GameObject: {fileID: 197142}
  m_LocalRotation: {x: -.707106829, y: 0, z: -0, w: .707106829}
  m_LocalPosition: {x: 0, y: .488999993, z: 0}
  m_LocalScale: {x: .0253999997, y: .0253999997, z: .0253999997}
  m_Children: []
  m_Father: {fileID: 448692}
  m_RootOrder: 1
--- !u!4 &405900
Transform:
  m_ObjectHideFlags: 1
  m_PrefabParentObject: {fileID: 0}
  m_PrefabInternal: {fileID: 100100000}
  m_GameObject: {fileID: 150162}
  m_LocalRotation: {x: 9.02218744e-10, y: -5.52449646e-26, z: 1, w: 6.12323426e-17}
  m_LocalPosition: {x: -.0108615942, y: -4.84466547e-08, z: 0}
  m_LocalScale: {x: -1, y: -1, z: -1}
  m_Children: []
  m_Father: {fileID: 446028}
  m_RootOrder: 0
--- !u!4 &411242
Transform:
  m_ObjectHideFlags: 1
  m_PrefabParentObject: {fileID: 0}
  m_PrefabInternal: {fileID: 100100000}
  m_GameObject: {fileID: 168738}
  m_LocalRotation: {x: 5.44863821e-10, y: -1.84103521e-09, z: .0427500755, w: .999085784}
  m_LocalPosition: {x: -.12646538, y: 0, z: 0}
  m_LocalScale: {x: 1, y: 1, z: .99999994}
  m_Children:
  - {fileID: 442606}
  - {fileID: 413572}
  m_Father: {fileID: 475612}
  m_RootOrder: 0
--- !u!4 &411478
Transform:
  m_ObjectHideFlags: 1
  m_PrefabParentObject: {fileID: 0}
  m_PrefabInternal: {fileID: 100100000}
  m_GameObject: {fileID: 111660}
  m_LocalRotation: {x: -.000644727552, y: .0227643829, z: -.0312559716, w: .999251962}
  m_LocalPosition: {x: -.173785359, y: 1.51395796e-09, z: 0}
  m_LocalScale: {x: 1.00000012, y: 1, z: 1}
  m_Children:
  - {fileID: 403270}
  m_Father: {fileID: 459538}
  m_RootOrder: 0
--- !u!4 &413572
Transform:
  m_ObjectHideFlags: 1
  m_PrefabParentObject: {fileID: 0}
  m_PrefabInternal: {fileID: 100100000}
  m_GameObject: {fileID: 193686}
  m_LocalRotation: {x: .706825197, y: 4.42283404e-10, z: 4.42635706e-10, w: .707388222}
  m_LocalPosition: {x: -.126465395, y: 3.02791592e-09, z: 4.84466547e-08}
  m_LocalScale: {x: 1, y: 1, z: 1}
  m_Children:
  - {fileID: 446028}
  m_Father: {fileID: 411242}
  m_RootOrder: 1
--- !u!4 &414088
Transform:
  m_ObjectHideFlags: 1
  m_PrefabParentObject: {fileID: 0}
  m_PrefabInternal: {fileID: 100100000}
  m_GameObject: {fileID: 124132}
  m_LocalRotation: {x: .0894937366, y: -.0119302021, z: -.0334397443, w: .995354414}
  m_LocalPosition: {x: -.045184195, y: 0, z: 0}
  m_LocalScale: {x: 1.00000012, y: 1, z: .99999994}
  m_Children:
  - {fileID: 420314}
  m_Father: {fileID: 453652}
  m_RootOrder: 0
--- !u!4 &419602
Transform:
  m_ObjectHideFlags: 1
  m_PrefabParentObject: {fileID: 0}
  m_PrefabInternal: {fileID: 100100000}
  m_GameObject: {fileID: 127624}
  m_LocalRotation: {x: .503544629, y: .495062023, z: .526957393, w: -.472940087}
  m_LocalPosition: {x: .185176969, y: -.00162201514, z: -.0446443185}
  m_LocalScale: {x: 1, y: 1.00000012, z: .99999994}
  m_Children: []
  m_Father: {fileID: 459748}
  m_RootOrder: 1
--- !u!4 &420314
Transform:
  m_ObjectHideFlags: 1
  m_PrefabParentObject: {fileID: 0}
  m_PrefabInternal: {fileID: 100100000}
  m_GameObject: {fileID: 106168}
  m_LocalRotation: {x: 5.05049724e-10, y: -9.10564235e-10, z: .0427500755, w: .999085784}
  m_LocalPosition: {x: -.12646535, y: 0, z: 0}
  m_LocalScale: {x: .999999881, y: .999999881, z: .99999994}
  m_Children:
  - {fileID: 490572}
  - {fileID: 425092}
  m_Father: {fileID: 414088}
  m_RootOrder: 0
--- !u!4 &425092
Transform:
  m_ObjectHideFlags: 1
  m_PrefabParentObject: {fileID: 0}
  m_PrefabInternal: {fileID: 100100000}
  m_GameObject: {fileID: 155552}
  m_LocalRotation: {x: -.706825197, y: -4.4280779e-10, z: -8.74453177e-10, w: .707388222}
  m_LocalPosition: {x: -.126465395, y: 3.02791592e-09, z: -4.84466547e-08}
  m_LocalScale: {x: 1, y: 1.00000012, z: 1}
  m_Children:
  - {fileID: 435926}
  m_Father: {fileID: 420314}
  m_RootOrder: 1
--- !u!4 &428846
Transform:
  m_ObjectHideFlags: 1
  m_PrefabParentObject: {fileID: 0}
  m_PrefabInternal: {fileID: 100100000}
  m_GameObject: {fileID: 194994}
  m_LocalRotation: {x: 0, y: 1, z: 0, w: -1.62920685e-07}
  m_LocalPosition: {x: 0, y: 0, z: 0}
  m_LocalScale: {x: .800000012, y: .800000012, z: .800000012}
  m_Children:
  - {fileID: 495948}
  - {fileID: 474174}
  m_Father: {fileID: 448692}
  m_RootOrder: 0
--- !u!4 &435926
Transform:
  m_ObjectHideFlags: 1
  m_PrefabParentObject: {fileID: 0}
  m_PrefabInternal: {fileID: 100100000}
  m_GameObject: {fileID: 138260}
  m_LocalRotation: {x: -.000398159493, y: -1.59700225e-10, z: -9.31386079e-10, w: .99999994}
  m_LocalPosition: {x: -.069507651, y: 0, z: 0}
  m_LocalScale: {x: 1.00000012, y: 1.00000012, z: 1.00000012}
  m_Children:
  - {fileID: 400680}
  m_Father: {fileID: 425092}
  m_RootOrder: 0
--- !u!4 &437254
Transform:
  m_ObjectHideFlags: 1
  m_PrefabParentObject: {fileID: 0}
  m_PrefabInternal: {fileID: 100100000}
  m_GameObject: {fileID: 125268}
  m_LocalRotation: {x: -1.54543098e-08, y: 1.54543098e-08, z: -.707106829, w: .707106829}
  m_LocalPosition: {x: -.0377145223, y: .0597068034, z: 0}
  m_LocalScale: {x: .99999994, y: 1, z: .99999994}
  m_Children:
  - {fileID: 485628}
  m_Father: {fileID: 464328}
  m_RootOrder: 0
--- !u!4 &438168
Transform:
  m_ObjectHideFlags: 1
  m_PrefabParentObject: {fileID: 0}
  m_PrefabInternal: {fileID: 100100000}
  m_GameObject: {fileID: 166848}
  m_LocalRotation: {x: .764139175, y: 4.07662185e-07, z: 6.25911525e-07, w: .64505142}
  m_LocalPosition: {x: .0125942975, y: .0152274985, z: -.20058696}
  m_LocalScale: {x: 1.00000012, y: 1, z: 1}
  m_Children: []
  m_Father: {fileID: 453652}
  m_RootOrder: 1
--- !u!4 &438180
Transform:
  m_ObjectHideFlags: 1
  m_PrefabParentObject: {fileID: 0}
  m_PrefabInternal: {fileID: 100100000}
  m_GameObject: {fileID: 105378}
  m_LocalRotation: {x: .0288597904, y: .999324024, z: -.000723747129, w: .0227619205}
  m_LocalPosition: {x: .0291035045, y: 2.06664731e-06, z: .0451169647}
  m_LocalScale: {x: 1, y: 1, z: 1.00000012}
  m_Children:
  - {fileID: 459538}
  m_Father: {fileID: 478686}
  m_RootOrder: 0
--- !u!4 &442606
Transform:
  m_ObjectHideFlags: 1
  m_PrefabParentObject: {fileID: 0}
  m_PrefabInternal: {fileID: 100100000}
  m_GameObject: {fileID: 179642}
  m_LocalRotation: {x: .0179289877, y: .710323274, z: -.703640044, w: .00316973845}
  m_LocalPosition: {x: .177361459, y: -.0324927159, z: .201735556}
  m_LocalScale: {x: 1.00000012, y: 1, z: 1}
  m_Children: []
  m_Father: {fileID: 411242}
  m_RootOrder: 0
--- !u!4 &446028
Transform:
  m_ObjectHideFlags: 1
  m_PrefabParentObject: {fileID: 0}
  m_PrefabInternal: {fileID: 100100000}
  m_GameObject: {fileID: 172440}
  m_LocalRotation: {x: .000398159027, y: 1.07647069e-09, z: -9.31751121e-10, w: .99999994}
  m_LocalPosition: {x: -.0695076287, y: 0, z: 0}
  m_LocalScale: {x: 1.00000012, y: 1.00000012, z: 1.00000012}
  m_Children:
  - {fileID: 405900}
  m_Father: {fileID: 413572}
  m_RootOrder: 0
--- !u!4 &448692
Transform:
  m_ObjectHideFlags: 1
  m_PrefabParentObject: {fileID: 0}
  m_PrefabInternal: {fileID: 100100000}
  m_GameObject: {fileID: 146706}
  m_LocalRotation: {x: 0, y: 0, z: 0, w: 1}
  m_LocalPosition: {x: 0, y: 0, z: 0}
  m_LocalScale: {x: 1, y: 1, z: 1}
  m_Children:
  - {fileID: 428846}
  - {fileID: 403584}
  m_Father: {fileID: 0}
  m_RootOrder: 0
--- !u!4 &450688
Transform:
  m_ObjectHideFlags: 1
  m_PrefabParentObject: {fileID: 0}
  m_PrefabInternal: {fileID: 100100000}
  m_GameObject: {fileID: 123982}
  m_LocalRotation: {x: 1.71571687e-10, y: -1.32706433e-07, z: .031446971, w: .99950546}
  m_LocalPosition: {x: -.0442099459, y: -3.51348499e-05, z: -9.73598632e-11}
  m_LocalScale: {x: 1.00000012, y: 1.00000012, z: 1}
  m_Children:
  - {fileID: 499528}
  m_Father: {fileID: 478686}
  m_RootOrder: 2
--- !u!4 &452060
Transform:
  m_ObjectHideFlags: 1
  m_PrefabParentObject: {fileID: 0}
  m_PrefabInternal: {fileID: 100100000}
  m_GameObject: {fileID: 139524}
  m_LocalRotation: {x: 5.68434121e-14, y: 2.8421706e-14, z: -1.61558675e-27, w: 1}
  m_LocalPosition: {x: -.0467787348, y: -3.98594857e-05, z: -1.10562177e-10}
  m_LocalScale: {x: 1.00000012, y: 1.00000012, z: 1}
  m_Children:
  - {fileID: 463940}
  - {fileID: 453652}
  - {fileID: 463492}
  m_Father: {fileID: 465300}
  m_RootOrder: 0
--- !u!4 &452530
Transform:
  m_ObjectHideFlags: 1
  m_PrefabParentObject: {fileID: 0}
  m_PrefabInternal: {fileID: 100100000}
  m_GameObject: {fileID: 169852}
  m_LocalRotation: {x: -6.15365593e-07, y: -.64505142, z: .764139175, w: 3.59361053e-07}
  m_LocalPosition: {x: .0125942538, y: .0152275227, z: .20058696}
  m_LocalScale: {x: 1.00000012, y: 1, z: 1}
  m_Children: []
  m_Father: {fileID: 463492}
  m_RootOrder: 1
--- !u!4 &453652
Transform:
  m_ObjectHideFlags: 1
  m_PrefabParentObject: {fileID: 0}
  m_PrefabInternal: {fileID: 100100000}
  m_GameObject: {fileID: 147388}
  m_LocalRotation: {x: .707106769, y: .000281540968, z: -.707106769, w: .000281540968}
  m_LocalPosition: {x: -4.84466547e-08, y: 3.98292068e-05, z: .0125942826}
  m_LocalScale: {x: 1, y: 1.00000012, z: 1.00000012}
  m_Children:
  - {fileID: 414088}
  - {fileID: 438168}
  m_Father: {fileID: 452060}
  m_RootOrder: 1
--- !u!4 &456210
Transform:
  m_ObjectHideFlags: 1
  m_PrefabParentObject: {fileID: 0}
  m_PrefabInternal: {fileID: 100100000}
  m_GameObject: {fileID: 185180}
  m_LocalRotation: {x: -.499999762, y: .500000298, z: .499999762, w: .500000298}
  m_LocalPosition: {x: .249643013, y: .0270501617, z: 1.45339953e-07}
  m_LocalScale: {x: .99999994, y: 1, z: .99999994}
  m_Children: []
  m_Father: {fileID: 463940}
  m_RootOrder: 1
--- !u!4 &459538
Transform:
  m_ObjectHideFlags: 1
  m_PrefabParentObject: {fileID: 0}
  m_PrefabInternal: {fileID: 100100000}
  m_GameObject: {fileID: 104354}
  m_LocalRotation: {x: -1.10891886e-10, y: -1.86298199e-09, z: .00296508661, w: .999995589}
  m_LocalPosition: {x: -.173785388, y: 0, z: 6.05583184e-09}
  m_LocalScale: {x: 1.00000012, y: 1.00000024, z: 1.00000012}
  m_Children:
  - {fileID: 411478}
  - {fileID: 463312}
  m_Father: {fileID: 438180}
  m_RootOrder: 0
--- !u!4 &459748
Transform:
  m_ObjectHideFlags: 1
  m_PrefabParentObject: {fileID: 0}
  m_PrefabInternal: {fileID: 100100000}
  m_GameObject: {fileID: 169706}
  m_LocalRotation: {x: -1.10891879e-10, y: -1.86298221e-09, z: .00296508917, w: .999995589}
  m_LocalPosition: {x: -.173785344, y: 1.51395796e-09, z: 0}
  m_LocalScale: {x: .99999994, y: 1.00000024, z: 1}
  m_Children:
  - {fileID: 464328}
  - {fileID: 419602}
  m_Father: {fileID: 497568}
  m_RootOrder: 0
--- !u!4 &463312
Transform:
  m_ObjectHideFlags: 1
  m_PrefabParentObject: {fileID: 0}
  m_PrefabInternal: {fileID: 100100000}
  m_GameObject: {fileID: 198848}
  m_LocalRotation: {x: .52695781, y: .47293821, z: .503549397, w: -.495058537}
  m_LocalPosition: {x: .1851767, y: -.00162211061, z: .044644326}
  m_LocalScale: {x: 1.00000024, y: 1, z: 1.00000012}
  m_Children: []
  m_Father: {fileID: 459538}
  m_RootOrder: 1
--- !u!4 &463492
Transform:
  m_ObjectHideFlags: 1
  m_PrefabParentObject: {fileID: 0}
  m_PrefabInternal: {fileID: 100100000}
  m_GameObject: {fileID: 194468}
  m_LocalRotation: {x: .707106769, y: .000281540968, z: .707106769, w: -.000281540968}
  m_LocalPosition: {x: -4.84466547e-08, y: 3.99018754e-05, z: -.0125942836}
  m_LocalScale: {x: 1, y: 1.00000012, z: 1.00000012}
  m_Children:
  - {fileID: 475612}
  - {fileID: 452530}
  m_Father: {fileID: 452060}
  m_RootOrder: 2
--- !u!4 &463940
Transform:
  m_ObjectHideFlags: 1
  m_PrefabParentObject: {fileID: 0}
  m_PrefabInternal: {fileID: 100100000}
  m_GameObject: {fileID: 122886}
  m_LocalRotation: {x: -9.45281453e-09, y: 3.54240285e-07, z: -.0838102922, w: .996481717}
  m_LocalPosition: {x: -.0500551313, y: 6.05583184e-09, z: -2.31011651e-14}
  m_LocalScale: {x: 1, y: 1, z: 1}
  m_Children:
  - {fileID: 497874}
  - {fileID: 456210}
  m_Father: {fileID: 452060}
  m_RootOrder: 0
--- !u!4 &464328
Transform:
  m_ObjectHideFlags: 1
  m_PrefabParentObject: {fileID: 0}
  m_PrefabInternal: {fileID: 100100000}
  m_GameObject: {fileID: 102540}
  m_LocalRotation: {x: .000644746644, y: -.0227673389, z: -.0312510207, w: .999252021}
  m_LocalPosition: {x: -.173785388, y: 0, z: 0}
  m_LocalScale: {x: 1.00000012, y: .99999994, z: 1}
  m_Children:
  - {fileID: 437254}
  m_Father: {fileID: 459748}
  m_RootOrder: 0
--- !u!4 &465300
Transform:
  m_ObjectHideFlags: 1
  m_PrefabParentObject: {fileID: 0}
  m_PrefabInternal: {fileID: 100100000}
  m_GameObject: {fileID: 162792}
  m_LocalRotation: {x: 5.68434121e-14, y: 2.8421706e-14, z: -1.61558675e-27, w: 1}
  m_LocalPosition: {x: -.0467786863, y: -3.72554787e-05, z: -1.0333151e-10}
  m_LocalScale: {x: 1.00000012, y: 1.00000012, z: 1}
  m_Children:
  - {fileID: 452060}
  m_Father: {fileID: 499528}
  m_RootOrder: 0
--- !u!4 &474174
Transform:
  m_ObjectHideFlags: 1
  m_PrefabParentObject: {fileID: 0}
  m_PrefabInternal: {fileID: 100100000}
  m_GameObject: {fileID: 143950}
  m_LocalRotation: {x: 2.18556941e-08, y: 0, z: 0, w: 1}
  m_LocalPosition: {x: -0, y: .282000005, z: -.00300000003}
  m_LocalScale: {x: 1, y: 1, z: 1}
  m_Children: []
  m_Father: {fileID: 428846}
  m_RootOrder: 1
--- !u!4 &475612
Transform:
  m_ObjectHideFlags: 1
  m_PrefabParentObject: {fileID: 0}
  m_PrefabInternal: {fileID: 100100000}
  m_GameObject: {fileID: 110550}
  m_LocalRotation: {x: -.0894937217, y: .0119299591, z: -.0334397666, w: .995354414}
  m_LocalPosition: {x: -.0451842062, y: 0, z: -4.84466547e-08}
  m_LocalScale: {x: 1, y: 1, z: 1}
  m_Children:
  - {fileID: 411242}
  m_Father: {fileID: 463492}
  m_RootOrder: 0
--- !u!4 &476072
Transform:
  m_ObjectHideFlags: 1
  m_PrefabParentObject: {fileID: 0}
  m_PrefabInternal: {fileID: 100100000}
  m_GameObject: {fileID: 120558}
  m_LocalRotation: {x: -.499999642, y: .500000358, z: .499999642, w: .500000358}
  m_LocalPosition: {x: 0, y: 0, z: 0}
  m_LocalScale: {x: 1, y: .99999994, z: .99999994}
  m_Children:
  - {fileID: 478686}
  m_Father: {fileID: 495948}
  m_RootOrder: 0
--- !u!4 &478686
Transform:
  m_ObjectHideFlags: 1
  m_PrefabParentObject: {fileID: 0}
  m_PrefabInternal: {fileID: 100100000}
  m_GameObject: {fileID: 156834}
  m_LocalRotation: {x: -2.07980725e-06, y: 6.9161041e-07, z: .000567147974, w: .999999881}
  m_LocalPosition: {x: -.0291034803, y: -3.51870694e-05, z: 4.0409482e-08}
  m_LocalScale: {x: 1, y: 1, z: .99999994}
  m_Children:
  - {fileID: 438180}
  - {fileID: 497568}
  - {fileID: 450688}
  m_Father: {fileID: 476072}
  m_RootOrder: 0
--- !u!4 &485628
Transform:
  m_ObjectHideFlags: 1
  m_PrefabParentObject: {fileID: 0}
  m_PrefabInternal: {fileID: 100100000}
  m_GameObject: {fileID: 136898}
  m_LocalRotation: {x: 1.69702734e-30, y: -9.55341462e-16, z: 1.77635705e-15, w: 1}
  m_LocalPosition: {x: -.0114424396, y: 0, z: -6.05583184e-09}
  m_LocalScale: {x: .99999994, y: 1, z: .99999994}
  m_Children: []
  m_Father: {fileID: 437254}
  m_RootOrder: 0
--- !u!4 &490572
Transform:
  m_ObjectHideFlags: 1
  m_PrefabParentObject: {fileID: 0}
  m_PrefabInternal: {fileID: 100100000}
  m_GameObject: {fileID: 142610}
  m_LocalRotation: {x: .703639984, y: .00317085721, z: -.0179280769, w: .710323393}
  m_LocalPosition: {x: .177361473, y: -.0324927829, z: -.201735631}
  m_LocalScale: {x: 1.00000048, y: 1.00000036, z: 1}
  m_Children: []
  m_Father: {fileID: 420314}
  m_RootOrder: 0
--- !u!4 &493532
Transform:
  m_ObjectHideFlags: 1
  m_PrefabParentObject: {fileID: 0}
  m_PrefabInternal: {fileID: 100100000}
  m_GameObject: {fileID: 191258}
  m_LocalRotation: {x: -9.55341462e-16, y: -1.75552502e-30, z: 1, w: -1.83758927e-15}
  m_LocalPosition: {x: -.0114424396, y: 0, z: -6.05583184e-09}
  m_LocalScale: {x: -.99999994, y: -1, z: -.99999994}
  m_Children: []
  m_Father: {fileID: 403270}
  m_RootOrder: 0
--- !u!4 &495948
Transform:
  m_ObjectHideFlags: 1
  m_PrefabParentObject: {fileID: 0}
  m_PrefabInternal: {fileID: 100100000}
  m_GameObject: {fileID: 108186}
  m_LocalRotation: {x: -.500000358, y: .499999672, z: .499999672, w: .500000358}
  m_LocalPosition: {x: 0, y: .381791979, z: 0}
  m_LocalScale: {x: .99999994, y: .99999994, z: 1}
  m_Children:
  - {fileID: 476072}
  m_Father: {fileID: 428846}
  m_RootOrder: 0
--- !u!4 &497568
Transform:
  m_ObjectHideFlags: 1
  m_PrefabParentObject: {fileID: 0}
  m_PrefabInternal: {fileID: 100100000}
  m_GameObject: {fileID: 190114}
  m_LocalRotation: {x: .0288547743, y: .999324083, z: .000726548489, w: -.022764964}
  m_LocalPosition: {x: .0291035045, y: 2.31692343e-06, z: -.0451169647}
  m_LocalScale: {x: 1.00000012, y: 1, z: 1.00000012}
  m_Children:
  - {fileID: 459748}
  m_Father: {fileID: 478686}
  m_RootOrder: 1
--- !u!4 &497874
Transform:
  m_ObjectHideFlags: 1
  m_PrefabParentObject: {fileID: 0}
  m_PrefabInternal: {fileID: 100100000}
  m_GameObject: {fileID: 173678}
  m_LocalRotation: {x: -4.11746566e-20, y: -3.38813179e-21, z: -1.39504867e-40, w: 1}
  m_LocalPosition: {x: -.112997949, y: 0, z: 0}
  m_LocalScale: {x: 1, y: .99999994, z: .99999994}
  m_Children: []
  m_Father: {fileID: 463940}
  m_RootOrder: 0
--- !u!4 &499528
Transform:
  m_ObjectHideFlags: 1
  m_PrefabParentObject: {fileID: 0}
  m_PrefabInternal: {fileID: 100100000}
  m_GameObject: {fileID: 149504}
  m_LocalRotation: {x: 9.32626243e-09, y: -2.1915173e-07, z: .0518668145, w: .998654068}
  m_LocalPosition: {x: -.0442084447, y: -3.70435228e-05, z: -1.031467e-10}
  m_LocalScale: {x: 1.00000012, y: 1, z: 1}
  m_Children:
  - {fileID: 465300}
  m_Father: {fileID: 450688}
  m_RootOrder: 0
--- !u!23 &2324956
MeshRenderer:
  m_ObjectHideFlags: 1
  m_PrefabParentObject: {fileID: 0}
  m_PrefabInternal: {fileID: 100100000}
  m_GameObject: {fileID: 127624}
  m_Enabled: 1
  m_CastShadows: 1
  m_ReceiveShadows: 1
  m_Materials:
  - {fileID: 2100000, guid: 08b1b02d24b833c43a22b8e4f17f4e33, type: 2}
  m_SubsetIndices: 
  m_StaticBatchRoot: {fileID: 0}
  m_UseLightProbes: 1
  m_ReflectionProbeUsage: 1
  m_ProbeAnchor: {fileID: 0}
  m_ScaleInLightmap: 1
  m_PreserveUVs: 0
  m_ImportantGI: 0
  m_AutoUVMaxDistance: .5
  m_AutoUVMaxAngle: 89
  m_LightmapParameters: {fileID: 0}
  m_SortingLayerID: 0
  m_SortingOrder: 0
--- !u!23 &2329680
MeshRenderer:
  m_ObjectHideFlags: 1
  m_PrefabParentObject: {fileID: 0}
  m_PrefabInternal: {fileID: 100100000}
  m_GameObject: {fileID: 166848}
  m_Enabled: 1
  m_CastShadows: 1
  m_ReceiveShadows: 1
  m_Materials:
  - {fileID: 2100000, guid: 08b1b02d24b833c43a22b8e4f17f4e33, type: 2}
  m_SubsetIndices: 
  m_StaticBatchRoot: {fileID: 0}
  m_UseLightProbes: 1
  m_ReflectionProbeUsage: 1
  m_ProbeAnchor: {fileID: 0}
  m_ScaleInLightmap: 1
  m_PreserveUVs: 0
  m_ImportantGI: 0
  m_AutoUVMaxDistance: .5
  m_AutoUVMaxAngle: 89
  m_LightmapParameters: {fileID: 0}
  m_SortingLayerID: 0
  m_SortingOrder: 0
--- !u!23 &2343658
MeshRenderer:
  m_ObjectHideFlags: 1
  m_PrefabParentObject: {fileID: 0}
  m_PrefabInternal: {fileID: 100100000}
  m_GameObject: {fileID: 169852}
  m_Enabled: 1
  m_CastShadows: 1
  m_ReceiveShadows: 1
  m_Materials:
  - {fileID: 2100000, guid: 08b1b02d24b833c43a22b8e4f17f4e33, type: 2}
  m_SubsetIndices: 
  m_StaticBatchRoot: {fileID: 0}
  m_UseLightProbes: 1
  m_ReflectionProbeUsage: 1
  m_ProbeAnchor: {fileID: 0}
  m_ScaleInLightmap: 1
  m_PreserveUVs: 0
  m_ImportantGI: 0
  m_AutoUVMaxDistance: .5
  m_AutoUVMaxAngle: 89
  m_LightmapParameters: {fileID: 0}
  m_SortingLayerID: 0
  m_SortingOrder: 0
--- !u!23 &2352592
MeshRenderer:
  m_ObjectHideFlags: 1
  m_PrefabParentObject: {fileID: 0}
  m_PrefabInternal: {fileID: 100100000}
  m_GameObject: {fileID: 142610}
  m_Enabled: 1
  m_CastShadows: 1
  m_ReceiveShadows: 1
  m_Materials:
  - {fileID: 2100000, guid: 08b1b02d24b833c43a22b8e4f17f4e33, type: 2}
  m_SubsetIndices: 
  m_StaticBatchRoot: {fileID: 0}
  m_UseLightProbes: 1
  m_ReflectionProbeUsage: 1
  m_ProbeAnchor: {fileID: 0}
  m_ScaleInLightmap: 1
  m_PreserveUVs: 0
  m_ImportantGI: 0
  m_AutoUVMaxDistance: .5
  m_AutoUVMaxAngle: 89
  m_LightmapParameters: {fileID: 0}
  m_SortingLayerID: 0
  m_SortingOrder: 0
--- !u!23 &2371556
MeshRenderer:
  m_ObjectHideFlags: 1
  m_PrefabParentObject: {fileID: 0}
  m_PrefabInternal: {fileID: 100100000}
  m_GameObject: {fileID: 198848}
  m_Enabled: 1
  m_CastShadows: 1
  m_ReceiveShadows: 1
  m_Materials:
  - {fileID: 2100000, guid: 08b1b02d24b833c43a22b8e4f17f4e33, type: 2}
  m_SubsetIndices: 
  m_StaticBatchRoot: {fileID: 0}
  m_UseLightProbes: 1
  m_ReflectionProbeUsage: 1
  m_ProbeAnchor: {fileID: 0}
  m_ScaleInLightmap: 1
  m_PreserveUVs: 0
  m_ImportantGI: 0
  m_AutoUVMaxDistance: .5
  m_AutoUVMaxAngle: 89
  m_LightmapParameters: {fileID: 0}
  m_SortingLayerID: 0
  m_SortingOrder: 0
--- !u!23 &2388234
MeshRenderer:
  m_ObjectHideFlags: 1
  m_PrefabParentObject: {fileID: 0}
  m_PrefabInternal: {fileID: 100100000}
  m_GameObject: {fileID: 197142}
  m_Enabled: 1
  m_CastShadows: 0
  m_ReceiveShadows: 0
  m_Materials:
  - {fileID: 2100000, guid: 55145961218070e4b9ad55eddd8bdebd, type: 2}
  m_SubsetIndices: 
  m_StaticBatchRoot: {fileID: 0}
  m_UseLightProbes: 1
  m_ReflectionProbeUsage: 1
  m_ProbeAnchor: {fileID: 0}
  m_ScaleInLightmap: 1
  m_PreserveUVs: 0
  m_ImportantGI: 0
  m_AutoUVMaxDistance: .5
  m_AutoUVMaxAngle: 89
  m_LightmapParameters: {fileID: 0}
  m_SortingLayerID: 0
  m_SortingOrder: 0
--- !u!23 &2388488
MeshRenderer:
  m_ObjectHideFlags: 1
  m_PrefabParentObject: {fileID: 0}
  m_PrefabInternal: {fileID: 100100000}
  m_GameObject: {fileID: 179642}
  m_Enabled: 1
  m_CastShadows: 1
  m_ReceiveShadows: 1
  m_Materials:
  - {fileID: 2100000, guid: 08b1b02d24b833c43a22b8e4f17f4e33, type: 2}
  m_SubsetIndices: 
  m_StaticBatchRoot: {fileID: 0}
  m_UseLightProbes: 1
  m_ReflectionProbeUsage: 1
  m_ProbeAnchor: {fileID: 0}
  m_ScaleInLightmap: 1
  m_PreserveUVs: 0
  m_ImportantGI: 0
  m_AutoUVMaxDistance: .5
  m_AutoUVMaxAngle: 89
  m_LightmapParameters: {fileID: 0}
  m_SortingLayerID: 0
  m_SortingOrder: 0
--- !u!23 &2391028
MeshRenderer:
  m_ObjectHideFlags: 1
  m_PrefabParentObject: {fileID: 0}
  m_PrefabInternal: {fileID: 100100000}
  m_GameObject: {fileID: 185180}
  m_Enabled: 1
  m_CastShadows: 1
  m_ReceiveShadows: 1
  m_Materials:
  - {fileID: 2100000, guid: 08b1b02d24b833c43a22b8e4f17f4e33, type: 2}
  m_SubsetIndices: 
  m_StaticBatchRoot: {fileID: 0}
  m_UseLightProbes: 1
  m_ReflectionProbeUsage: 1
  m_ProbeAnchor: {fileID: 0}
  m_ScaleInLightmap: 1
  m_PreserveUVs: 0
  m_ImportantGI: 0
  m_AutoUVMaxDistance: .5
  m_AutoUVMaxAngle: 89
  m_LightmapParameters: {fileID: 0}
  m_SortingLayerID: 0
  m_SortingOrder: 0
--- !u!33 &3312202
MeshFilter:
  m_ObjectHideFlags: 1
  m_PrefabParentObject: {fileID: 0}
  m_PrefabInternal: {fileID: 100100000}
  m_GameObject: {fileID: 169852}
  m_Mesh: {fileID: 4300022, guid: eb00ca3a7fff3a14db21d43a4d56da07, type: 3}
--- !u!33 &3328338
MeshFilter:
  m_ObjectHideFlags: 1
  m_PrefabParentObject: {fileID: 0}
  m_PrefabInternal: {fileID: 100100000}
  m_GameObject: {fileID: 185180}
  m_Mesh: {fileID: 4300024, guid: eb00ca3a7fff3a14db21d43a4d56da07, type: 3}
--- !u!33 &3338840
MeshFilter:
  m_ObjectHideFlags: 1
  m_PrefabParentObject: {fileID: 0}
  m_PrefabInternal: {fileID: 100100000}
  m_GameObject: {fileID: 127624}
  m_Mesh: {fileID: 4300028, guid: eb00ca3a7fff3a14db21d43a4d56da07, type: 3}
--- !u!33 &3352848
MeshFilter:
  m_ObjectHideFlags: 1
  m_PrefabParentObject: {fileID: 0}
  m_PrefabInternal: {fileID: 100100000}
  m_GameObject: {fileID: 166848}
  m_Mesh: {fileID: 4300018, guid: eb00ca3a7fff3a14db21d43a4d56da07, type: 3}
--- !u!33 &3353870
MeshFilter:
  m_ObjectHideFlags: 1
  m_PrefabParentObject: {fileID: 0}
  m_PrefabInternal: {fileID: 100100000}
  m_GameObject: {fileID: 142610}
  m_Mesh: {fileID: 4300016, guid: eb00ca3a7fff3a14db21d43a4d56da07, type: 3}
--- !u!33 &3365396
MeshFilter:
  m_ObjectHideFlags: 1
  m_PrefabParentObject: {fileID: 0}
  m_PrefabInternal: {fileID: 100100000}
  m_GameObject: {fileID: 197142}
  m_Mesh: {fileID: 4300000, guid: e1b014594d78db945ab568f387301a78, type: 3}
--- !u!33 &3370688
MeshFilter:
  m_ObjectHideFlags: 1
  m_PrefabParentObject: {fileID: 0}
  m_PrefabInternal: {fileID: 100100000}
  m_GameObject: {fileID: 198848}
  m_Mesh: {fileID: 4300026, guid: eb00ca3a7fff3a14db21d43a4d56da07, type: 3}
--- !u!33 &3397770
MeshFilter:
  m_ObjectHideFlags: 1
  m_PrefabParentObject: {fileID: 0}
  m_PrefabInternal: {fileID: 100100000}
  m_GameObject: {fileID: 179642}
  m_Mesh: {fileID: 4300020, guid: eb00ca3a7fff3a14db21d43a4d56da07, type: 3}
--- !u!95 &9560978
Animator:
  serializedVersion: 3
  m_ObjectHideFlags: 1
  m_PrefabParentObject: {fileID: 0}
  m_PrefabInternal: {fileID: 100100000}
  m_GameObject: {fileID: 194994}
  m_Enabled: 1
  m_Avatar: {fileID: 9000000, guid: eb00ca3a7fff3a14db21d43a4d56da07, type: 3}
  m_Controller: {fileID: 9100000, guid: 47e3b1d8961c0ce4f8cc7250859e3b17, type: 2}
  m_CullingMode: 1
  m_UpdateMode: 0
  m_ApplyRootMotion: 0
  m_LinearVelocityBlending: 0
  m_WarningMessage: 
  m_HasTransformHierarchy: 1
  m_AllowConstantClipSamplingOptimization: 1
--- !u!114 &11464930
MonoBehaviour:
  m_ObjectHideFlags: 1
  m_PrefabParentObject: {fileID: 0}
  m_PrefabInternal: {fileID: 100100000}
  m_GameObject: {fileID: 146706}
  m_Enabled: 1
  m_EditorHideFlags: 0
  m_Script: {fileID: 11500000, guid: 4fbb8b7030ce40140942508cb41de1e6, type: 3}
  m_Name: 
  m_EditorClassIdentifier: 
  heroController: {fileID: 9560978}
  shield: {fileID: 197142}
--- !u!137 &13739606
SkinnedMeshRenderer:
  m_ObjectHideFlags: 1
  m_PrefabParentObject: {fileID: 0}
  m_PrefabInternal: {fileID: 100100000}
  m_GameObject: {fileID: 143950}
  m_Enabled: 1
  m_CastShadows: 1
  m_ReceiveShadows: 1
  m_Materials:
  - {fileID: 2100000, guid: 08b1b02d24b833c43a22b8e4f17f4e33, type: 2}
  m_SubsetIndices: 
  m_StaticBatchRoot: {fileID: 0}
  m_UseLightProbes: 1
  m_ReflectionProbeUsage: 1
  m_ProbeAnchor: {fileID: 0}
  m_ScaleInLightmap: 1
  m_PreserveUVs: 0
  m_ImportantGI: 0
  m_AutoUVMaxDistance: .5
  m_AutoUVMaxAngle: 89
  m_LightmapParameters: {fileID: 0}
  m_SortingLayerID: 0
  m_SortingOrder: 0
  serializedVersion: 2
  m_Quality: 0
  m_UpdateWhenOffscreen: 0
  m_Mesh: {fileID: 4300000, guid: eb00ca3a7fff3a14db21d43a4d56da07, type: 3}
  m_Bones:
  - {fileID: 463940}
  - {fileID: 459538}
  - {fileID: 453652}
  - {fileID: 411478}
  - {fileID: 420314}
  - {fileID: 425092}
  - {fileID: 438180}
  - {fileID: 403270}
  - {fileID: 414088}
  - {fileID: 452060}
  - {fileID: 476072}
  - {fileID: 459748}
  - {fileID: 463492}
  - {fileID: 464328}
  - {fileID: 411242}
  - {fileID: 413572}
  - {fileID: 497568}
  - {fileID: 437254}
  - {fileID: 475612}
  - {fileID: 478686}
  - {fileID: 450688}
  - {fileID: 499528}
  - {fileID: 465300}
  m_BlendShapeWeights: []
  m_RootBone: {fileID: 476072}
  m_AABB:
    m_Center: {x: .0113732368, y: -.0197431818, z: .0127808899}
    m_Extent: {x: .333711624, y: .0645179525, z: .366979659}
  m_DirtyAABB: 0
--- !u!1001 &100100000
Prefab:
  m_ObjectHideFlags: 1
  serializedVersion: 2
  m_Modification:
    m_TransformParent: {fileID: 0}
    m_Modifications: []
    m_RemovedComponents: []
  m_ParentPrefab: {fileID: 0}
  m_RootGameObject: {fileID: 146706}
  m_IsPrefabParent: 1
